<?xml version="1.0" encoding="UTF-8"?>
<record xmlns="http://www.loc.gov/MARC21/slim" xmlns:xsi="http://www.w3.org/2001/XMLSchema-instance" xsi:schemaLocation="http://www.loc.gov/MARC21/slim http://www.loc.gov/standards/marcxml/schema/MARC21slim.xsd">
<leader>     nam a22002170  4500</leader>
<controlfield tag="001">002769330</controlfield>
<controlfield tag="003">NNU</controlfield>
<controlfield tag="005">19940713181853.0</controlfield>
<controlfield tag="008">860623s1947    le acf        000 0 ara d</controlfield>
<datafield tag="035" ind1="9" ind2=" ">
<subfield code="a">NYUb10471452</subfield>
</datafield>
<datafield tag="035" ind1=" " ind2=" ">
<subfield code="a">(CStRLIN)NYUG86-B21465</subfield>
</datafield>
<datafield tag="035" ind1=" " ind2=" ">
<subfield code="a">GLIS00471452X</subfield>
</datafield>
<datafield tag="040" ind1=" " ind2=" ">
<subfield code="a">NNU</subfield>
<subfield code="c">NNU</subfield>
</datafield>
<datafield tag="043" ind1=" " ind2=" ">
<subfield code="a">a-le---</subfield>
</datafield>
<datafield tag="090" ind1=" " ind2=" ">
<subfield code="i">06/23/86 CT</subfield>
</datafield>
<datafield tag="100" ind1="1" ind2=" ">
<subfield code="a">Milkī al-Baʻbdātī, Niʻmat Allāh.</subfield>
</datafield>
<datafield tag="245" ind1="1" ind2="0">
<subfield code="a">Tārīkh Baʻbdāt wa-usarihā/</subfield>
<subfield code="c">bi-qalam Niʻmat Allāh al-Milkī al-Baʻbdātī; naqalahu wa-nassaqahu Hannā al-Khūrī al-Milkī.</subfield>
</datafield>
<datafield tag="260" ind1=" " ind2=" ">
<subfield code="a">Bayrūt:</subfield>
<subfield code="b">Naṣṣār,</subfield>
<subfield code="c">[1947?]</subfield>
</datafield>
<datafield tag="300" ind1=" " ind2=" ">
<subfield code="a">13, 302 p., [34] leaves of plates :</subfield>
<subfield code="b">ill., ports. ;</subfield>
<subfield code="c">23 cm.</subfield>
</datafield>
<datafield tag="651" ind1=" " ind2="0">
<subfield code="a">Baʻbdat (Lebanon)</subfield>
<subfield code="x">History.</subfield>
</datafield>
<datafield tag="OWN" ind1=" " ind2=" ">
<subfield code="a">GENERAL</subfield>
</datafield>
<datafield tag="950" ind1=" " ind2=" ">
<subfield code="l">BMAIN</subfield>
<subfield code="a">DS89.B35</subfield>
<subfield code="b">M5 1947</subfield>
<subfield code="i">06/23/86 C</subfield>
</datafield>
<datafield tag="955" ind1=" " ind2=" ">
<subfield code="l">BMAIN</subfield>
<subfield code="c">1</subfield>
<subfield code="i">06/23/86 C</subfield>
</datafield>
<datafield tag="AVA" ind1=" " ind2=" ">
<subfield code="a">NYU50</subfield>
<subfield code="b">BOBST</subfield>
<subfield code="c">Main Collection</subfield>
<subfield code="d">DS89.B35 M5 1947</subfield>
<subfield code="e">unavailable</subfield>
<subfield code="t">Unavailable</subfield>
<subfield code="f">1</subfield>
<subfield code="g">1</subfield>
<subfield code="h">N</subfield>
<subfield code="i">0</subfield>
<subfield code="j">MAIN</subfield>
<subfield code="k">0</subfield>
</datafield>
</record>
